@article{григорьев2006полиномы,
	title={Полиномы Бернштейна и составные кривых Безье},
	author={Григорьев, Михаил Игоревич and Малоземов, Василий Николаевич and Сергеев, А Н},
	journal={Журнал вычислительной математики и математической физики},
	volume={46},
	number={11},
	pages={1962--1971},
	year={2006},
	publisher={Российская академия наук, Отделение математических наук}
}

@misc{geneticalg,
	title="geneticalgorithm framework [Электронный ресурс]",
	howpublished="Режим доступа: \url{https://pypi.org/project/geneticalgorithm/}",
	addendum="(Дата обращения: 28.11.2023)"
}
